3063 4973
160 240 229 286 o.
258 240 749 297 SAMoanson,
785 240 1637 289 AncmnaAcmmLonAn
1671 242 1698 287 1
1727 229 2357 289 sxrnns'rsax'rnn.
2437 231 2506 289 ll

614 458 699 523 Η.
752 458 1345 539 nge‘rstroemii
1394 458 1709 522 DAan'r.
1759 481 1824 522 n.
1872 482 1972 542 sp.

246 609 562 675 DAELs‘r.
612 609 799 674 Bidr.
850 609 920 674 ΙΙ
964 630 1032 694 p.
1089 616 1225 674 148.
1258 645 1343 655 —
1390 611 1707 675 DAan‘r.
1757 610 1970 674 Herb.
2021 611 2210 675 Hier.
2259 611 2509 676 Scand.

52 710 270 775 Ceut.
318 709 463 774 XII
505 730 622 774 n:o
665 716 766 774 55.

247 843 482 909 Caulis
548 844 756 929 vulgo
821 844 1043 909 elatus
1110 850 1360 910 40—70
1425 864 1552 908 cm.
1624 844 1828 921 altus,
1897 866 2075 930 saepe
2139 845 2504 923 flexuosus,

53 944 499 1021 0—2-folius,
566 944 828 1009 inferne
895 946 1184 1029 sparsim
1239 953 1310 1009 et
1352 944 1554 1029 longe
1597 944 1875 1029 pilosus,
1925 945 2064 1010 fere
2108 946 2503 1015 efloccosus.

54 1045 304 1110 medio
368 1065 572 1129 parce
636 1044 895 1129 pilosus
961 1045 1194 1110 floccis
1255 1046 1426 1110 raris
1471 1067 1537 1109 v,
1587 1047 1839 1129 sparsis
1885 1046 2170 1123 obsitus,
2218 1068 2512 1132 superne

53 1145 373 1231 epilosus
437 1153 508 1210 et
566 1145 905 1229 glandulis
950 1146 1271 1211 solitariis
1316 1168 1381 1211 v.
1431 1147 1602 1211 raris
1646 1145 1965 1212 obtectus
2011 1148 2299 1231 sparsim
2343 1147 2509 1213 floc-

58 1267 296 1323 cosus,
331 1246 462 1310 sub
492 1246 998 1312 inflorescentia
1028 1248 1320 1331 sparsim
1348 1246 1814 1330 glandulosus.
1848 1247 1997 1312 basi
2039 1261 2096 1322 :h
2140 1248 2501 1314 violaceus,

242 1365 441 1429 Folia
496 1365 750 1431 bucolia
806 1365 936 1429 sub
980 1364 1251 1429 anthesi
1295 1372 1489 1442 4—63
1552 1366 1862 1430 exteriora
1905 1385 2125 1450 parva
2170 1372 2383 1431 ovata
2425 1404 2508 1412 —

55 1466 374 1550 elliptica
406 1466 557 1531 basi
584 1486 763 1550 saepe
792 1464 1173 1530 rotundata
1201 1501 1284 1511 -
1312 1466 1732 1531 subcordata
1771 1481 1827 1542 ὲ
1870 1466 2141 1543 obtusa,
2189 1488 2391 1551 parce
2433 1476 2508 1532 et

58 1568 379 1634 breviter
441 1566 899 1642 denticulata;
972 1566 1355 1631 intermedia
1422 1567 1972 1651 ovato-elliptica
2024 1604 2106 1613 --
2164 1575 2378 1633 ovata
2433 1591 2499 1632 v.

59 1667 706 1733 ovato-lanceolata
748 1680 803 1741 ss
846 1674 1076 1744 acuta,
1124 1666 1387 1731 inferne
1429 1668 1664 1733 crebre
1706 1675 1780 1733 et
1823 1667 1963 1733 late
2006 1668 2296 1734 dentata
2340 1669 2506 1734 den·

60 1771 265 1835 tibus
329 1770 401 1833 in
468 1768 726 1853 petiolo
791 1767 1139 1833 interdum
1183 1767 1642 1844 descenbibus,
1689 1770 1957 1853 apicem
2001 1791 2236 1834 versus
2291 1784 2346 1845 ss
2403 1772 2506 1834 in-

60 1881 300 1953 tegrm
392 1870 707 1934 intimum
762 1882 817 1944 ss
876 1852 1271 1953 elongatum
1342 1868 1482 1935 late
1527 1906 1609 1915 —
1653 1877 1944 1954 anguste
2017 1870 2502 1947 lanceolarum,

67 1970 312 2035 crebre
371 1977 443 2034 et
504 1969 963 2054 irregulariter
1021 1976 1095 2034 et
1136 1972 1514 2054 praesertim
1561 1970 1756 2035 basin
1801 1990 1978 2055 saepe
2023 1970 2219 2055 longe
2263 1971 2496 2036 decur-

66 2078 342 2135 rentem
387 2090 625 2135 versus
667 2069 867 2155 longe
894 2069 1265 2136 dentatum
1296 2092 1362 2136 v,
1398 2069 2143 2145 laciniatodentatum‚
2175 2070 2505 2137 dentibus

64 2170 610 2253 angustioribus,
658 2171 932 2255 petiolis
977 2171 1239 2236 laciniis
1268 2170 1499 2236 liberis
1528 2172 1843 2254 angustis
1874 2170 2083 2253 vulgo
2113 2174 2497 2249 instructis;

60 2272 301 2338 omnia
343 2272 609 2337 inferne
652 2293 830 2356 saepe
872 2287 929 2347 ss
975 2272 1425 2338 violascentia
1451 2280 1525 2336 et
1555 2274 1627 2337 in
1658 2292 1874 2337 nervo
1903 2271 2155 2337 dorsali
2184 2293 2388 2356 parce
2419 2310 2498 2319 --

61 2374 363 2457 sparsim
405 2373 683 2438 stellato
727 2373 937 2439 dense
979 2379 1052 2437 et
1094 2373 1294 2459 longe
1339 2380 1644 2438 ceterum
1687 2373 2118 2438 densiuscule
2157 2371 2395 2457 pilosa,
2429 2376 2502 2438 in

62 2474 492 2559 marginibus
556 2474 764 2540 dense
830 2474 1083 2551 ciliata,
1130 2475 1199 2539 in
1244 2476 1500 2558 pagina
1545 2475 1891 2558 superiore
1936 2475 2236 2559 sparsius
2280 2474 2500 2560 pilosa

60 2612 150 2620 -——
206 2576 417 2639 dense
483 2575 905 2658 lanuginosa,
974 2595 1184 2658 supra
1248 2582 1560 2640 saturato
1625 2574 1872 2640 viridia
1937 2574 2497 2652 sublutesoentia‚

62 2674 254 2738 infra
296 2673 657 2757 pallidiora
699 2674 1029 2738 subcaesia
1072 2711 1155 2720 —
1200 2675 1465 2740 viridia.

242 2791 514 2855 Folium
557 2792 897 2856 mulinum
942 2792 1259 2856 infimum
1292 2807 1349 2867 ὲ
1384 2793 1802 2876 petiolatum
1835 2807 1890 2867 ὲ
1926 2801 2220 2878 anguste
2250 2831 2330 2839 —
2363 2794 2504 2860 late

64 2891 533 2957 lanceolatum
599 2913 665 2956 v.
714 2891 1439 2970 ovato-lanceolatum,
1496 2914 1674 2977 saepe
1717 2915 1927 2978 supra
1970 2894 2272 2959 medium
2313 2895 2503 2960 latis-

61 2996 319 3058 simum
339 2995 411 3057 in
428 2995 695 3077 apicem
715 3007 771 3068 ss
796 2993 1138 3077 integrum
1166 3001 1452 3059 acutum
1473 3031 1556 3040 —
1579 2994 2020 3079 cuspidatum
2045 3003 2496 3079 protractum,

62 3095 336 3159 inferne
378 3094 705 3160 dentibus
750 3093 1219 3178 inaequilongis
1264 3096 1519 3161 crebris
1563 3103 1635 3160 et
1677 3097 1902 3161 acutis
1930 3103 2041 3161 sat
2069 3095 2229 3160 latis
2259 3112 2499 3179 paten-

62 3196 261 3260 tibus
280 3232 366 3241 -—
388 3203 496 3260 sat
519 3196 762 3261 erectis
784 3194 1131 3266 interdum
1161 3210 1218 3270 ss
1249 3198 1650 3261 retroversis
1681 3198 2114 3276 (recurvatis)
2144 3196 2499 3262 laciniato—

61 3296 458 3372 dentatum,
513 3316 806 3381 superne
848 3295 1056 3361 latius
1100 3303 1173 3361 et
1219 3296 1493 3362 brevius
1538 3297 1924 3370 dentatum,
1971 3298 2278 3382 margine
2320 3319 2500 3382 saepe

62 3394 348 3478 plicato,
394 3397 467 3460 in
506 3398 657 3480 ipsa
701 3398 850 3462 basi
904 3410 960 3471 ss
1018 3397 1216 3482 longe
1258 3396 1665 3463 decurrente
1709 3397 2035 3462 dentibus
2081 3398 2189 3462 vel
2232 3398 2497 3463 laciniis
2573 3471 2584 3481 ,

64 3495 325 3561 crebris
389 3498 824 3575 instructum,
894 3499 1151 3582 petiolo
1217 3499 1480 3564 laciniis
1545 3497 1774 3564 liberis
1839 3501 2119 3563 omnino
2184 3498 2491 3582 praedito,

62 3596 215 3662 Fol.
264 3596 511 3661 caulin.
572 3600 904 3681 superius,
952 3600 1010 3663 si
1053 3598 1273 3677 adest,
1320 3598 1576 3665 lineare
1620 3599 1828 3684 vulgo
1872 3599 2100 3664 sessile
2143 3600 2498 3665 subulato—

61 3698 458 3763 dentatum.

237 3814 739 3897 Inslorescentia
793 3830 849 3891 ὲ
906 3816 1362 3900 polycephala
1417 3818 1814 3901 paniculata
1857 3840 1923 3882 v.
1971 3818 2179 3902 vulgo
2236 3832 2291 3893 ss
2348 3839 2496 3883 um-

64 3917 348 3993 bellata,
396 3923 507 3981 sat
551 3937 874 4000 expansa,
908 3937 1098 3980 ramo
1127 3938 1210 3981 ex
1240 3917 1448 3982 axillo
1476 3918 1689 3983 folioli
1719 3920 1967 3983 summi
1998 3918 2498 3984 bracteiformis

63 4017 351 4083 evoluto
396 4017 604 4102 vulgo
647 4025 875 4095 aucta,
922 4036 1117 4084 ramo
1160 4038 1429 4084 summo
1470 4018 1964 4104 monocephalo
2007 4018 2351 4084 acladium
2393 4026 2487 4095 l,5

72 4124 254 4197 -3,.·›
303 4139 432 4183 cm.
483 4118 759 4203 longum
812 4133 871 4193 ss
928 4125 1279 4201 aequante3
1346 4140 1540 4185 ramo
1583 4142 1648 4185 v.
1698 4121 1906 4186 ramis
1947 4120 2381 4184 inferioribus
2424 4134 2478 4194 ss

63 4219 538 4304 polycephalis
601 4217 785 4283 idem
850 4219 1058 4302 vulgo
1123 4233 1178 4295 ss
1234 4221 1724 4304 superantibus
1779 4233 1837 4295 :12
1893 4222 2196 4286 arcuatis
2260 4220 2494 4294 dense,

66 4321 199 4385 sub
244 4319 615 4385 involucris
657 4320 1053 4386 densissime
1096 4328 1168 4385 et
1211 4320 1411 4406 longe
1454 4320 1896 4407 glandulosis.
1943 4322 2231 4404 sparsim
2263 4342 2329 4384 v.
2362 4321 2495 4384 sub

67 4420 436 4486 involucris
478 4421 756 4486 densius
803 4420 1131 4498 floccosis,
1176 4421 1469 4505 epilosis.
